@book{west1981deep,
  title={Deep water gravity waves},
  author={West, B.J.},
  year={1981}
}%author={West, Bruce J},

@misc{SFo2018_HOS,
title = {Nonlinear wave simulations using the Higher Order Spectral method},
year = {2018},
description = {Internal memo, project no./file code 302001959-15},
author = {Fouques, S.}
}

@article{fouques2020mixedHOS,
  title={A mixed Eulerian-Lagrangian High-Order Spectral method for the propagation of ocean surface waves over a flat bottom},
  author={Fouques, S. and P{\'a}kozdi, C.},
  journal={Journal of Computational Physics: X},
  volume={8},
  pages={100071},
  year={2020},
  publisher={Elsevier}
}

@article{chalikov2005modeling,
  title={Modeling extreme waves based on equations of potential flow with a free surface},
  author={Chalikov, Dmitry and Sheinin, Dmitry},
  journal={Journal of Computational Physics},
  volume={210},
  number={1},
  pages={247--273},
  year={2005},
  publisher={Elsevier}
}

@article{orszag1970transform,
  title={Transform method for the calculation of vector-coupled sums: Application to the spectral form of the vorticity equation},
  author={Orszag, Steven A},
  journal={Journal of Atmospheric Sciences},
  volume={27},
  number={6},
  pages={890--895},
  year={1970}
}

@incollection{bonnefoy2010,
  title={Time domain simulation of nonlinear water waves using spectral methods},
  author={Bonnefoy, F{\'e}licien and Ducrozet, Guillaume and Le Touz{\'e}, David and Ferrant, Pierre},
  booktitle={Advances in numerical simulation of nonlinear water waves},
  pages={129--164},
  year={2010},
  publisher={World Scientific}
}