@article{schaffer_1996,
	author={Sch{\"a}ffer, Hemming A},
  title={Second-order wavemaker theory for irregular waves},
  journal={Ocean Engineering},
  volume={23},
  number={1},
  pages={47--88},
  year={1996},
  doi = {10.1016/0029-8018(95)00013-B},
}
%author={Sch{\"a}ffer, Hemming A},
%issn = "0029-8018",
%url = "http://www.sciencedirect.com/science/article/pii/002980189500013B",

@article{kusumawinahyu_2017_double_flap,
  title={Linear theory for single and double flap wavemakers},
  author={Kusumawinahyu, WM and Karjanto, N and Klopman, G},
  journal={arXiv preprint arXiv:1703.09445},
  year={2017}
}

@article{schaffer2003_3D_correction,
  title={Second-order wavemaker theory for multidirectional waves},
  author={Sch{\"a}ffer, Hemming A and Steenberg, Catherine M},
  journal={Ocean Engineering},
  volume={30},
  number={10},
  pages={1203--1231},
  year={2003},
  publisher={Elsevier}
}


@article{phillips1960_thirdOrderResonance,
  title={On the dynamics of unsteady gravity waves of finite amplitude Part 1. The elementary interactions},
  author={Phillips, O.M.},
  journal={Journal of Fluid Mechanics},
  volume={9},
  number={2},
  pages={193--217},
  year={1960},
  publisher={Cambridge University Press}
}

@article{longuetPhillips1962_thirdOrderResonance,
  title={Phase velocity effects in tertiary wave interactions},
  author={Longuet-Higgins, M.S. and Phillips, O.M.},
  journal={Journal of Fluid Mechanics},
  volume={12},
  number={3},
  pages={333--336},
  year={1962},
  publisher={Cambridge University Press}
}

@article{longuet1962_thirdOrderResonance,
  title={Resonant interactions between two trains of gravity waves},
  author={Longuet-Higgins, M.S.},
  journal={Journal of Fluid Mechanics},
  volume={12},
  number={3},
  pages={321--332},
  year={1962},
  publisher={Cambridge University Press}
}

@article{benney1962_thirdOrderResonance,
  title={Non-linear gravity wave interactions},
  author={Benney, D.J.},
  journal={Journal of Fluid Mechanics},
  volume={14},
  number={4},
  pages={577--584},
  year={1962},
  publisher={Cambridge University Press}
}

@article{hasselmann1962_thirdOrderResonance,
  title={On the non-linear energy transfer in a gravity-wave spectrum Part 1. General theory},
  author={Hasselmann, K.},
  journal={Journal of Fluid Mechanics},
  volume={12},
  number={4},
  pages={481--500},
  year={1962},
  publisher={Cambridge University Press}
}

@book{naess_moan_2012, 
place={Cambridge}, 
title={Stochastic Dynamics of Marine Structures}, 
DOI={10.1017/CBO9781139021364}, 
publisher={Cambridge University Press}, 
author={N{\ae}ss, A. and Moan, T.}, 
year={2012}
}

@article{janssen_2003_BFI,
  title={Nonlinear four-wave interactions and freak waves},
  author={Janssen, P.A.E.M.},
  journal={Journal of Physical Oceanography},
  volume={33},
  number={4},
  pages={863--884},
  year={2003}
}
@article{janssen_2007_BFI_intermediate,
  title={The intermediate water depth limit of the Zakharov equation and consequences for wave prediction},
  author={Janssen, P.A.E.M. and Onorato, M.},
  journal={Journal of Physical Oceanography},
  volume={37},
  number={10},
  pages={2389--2400},
  year={2007}
}

@article{onorato_2005_BFI,
  title={Modulational instability and non-Gaussian statistics in experimental random water-wave trains},
  author={Onorato, M. and Osborne, A.R. and Serio, M. and Cavaleri, L.},
  journal={Physics of Fluids},
  volume={17},
  number={7},
  pages={078101},
  year={2005},
  publisher={American Institute of Physics}
}

@article{alber_1978_BFI,
  title={The effects of randomness on the stability of two-dimensional surface wavetrains},
  author={Alber, I.E.},
  journal={Proceedings of the Royal Society of London. A. Mathematical and Physical Sciences},
  volume={363},
  number={1715},
  pages={525--546},
  year={1978},
  publisher={The Royal Society London}
}

@misc{SFo_2017_timsas2_statAly,
author={Fouques, S.},
title={Benchmarking of {T}imsas2 statistical and spectral analyses against {T}imsas},
note={Internal memo, project no./file code 302003055},
year={2017}
}

@misc{SFo_2015_timsas1_overview,
author={Fouques, S.},
title={Data analysis process and standarddeliveries in the Ocean Basin},
note={Internal memo, project no./file code 99300101-16},
year={2015}
}

@misc{SFo_2015_running_timsas1,
author={Fouques, S.},
title={Model test analysis Running prepare and timsas},
note={Internal memo, project no./file code 99300101-16},
year={2015}
}


@misc{Standard_Appendix_Havbassenget,
title={{Standard Appendix Havbassenget}},
year={2013},
note={MT-K4-S114 Rev. 02}
}

@article{forristall_2000,
  title={Wave crest distributions: Observations and second-order theory},
  author={Forristall, G.Z.},
  journal={Journal of physical oceanography},
  volume={30},
  number={8},
  pages={1931--1943},
  year={2000}
}

@inproceedings{huang_2018,
  title={Semi-empirical single realization and ensemble crest distributions of long-crest nonlinear waves},
  author={Huang, Z. and Zhang, Y.},
  booktitle={International Conference on Offshore Mechanics and Arctic Engineering},
  volume={51203},
  pages={V001T01A032},
  year={2018},
  organization={American Society of Mechanical Engineers}
}

@phdthesis{sodahl_1993_Gumbel,
  title={Methods for design and analysis of flexible risers.},
  author={S{\o}dahl, N.},
  year={1991},
  school= {The Norwegian Institute of technology (NTH), (today NTNU) },
  degree={Dr.ing.}
}


@inproceedings{stansberg_1983_groupSpectra,
title = {Statistical analysis of slow-drift responses},
author = {Stansberg, C.T.},
url = {https://www.osti.gov/biblio/5432393}, 
journal = {Am. Soc. Mech. Eng., (Pap.); (United States)},
place = {United States},
year = {1983},
}

@techreport{MT51,
title = {{MARINTEK} Ocean Basin Wave Catalogue 1988},
author = {Stansberg, C.T. and Kjeldsen, S.P.},
year = {1988},
number = {MT51 88-0019 511031.00},
institution = {MARINTEK}
}

@unpublished{Lehn_Statistics_for_You_and_Me,
author={Lehn, E. and Moe, V.},
title={Statistics for You and Me -- With emphasis on peakand extreme value distributions},
year={2008},
note={MARINTEK}
}

@techreport{TIMSAS,
title = {Programsystem for standardisert analyse av fors{\o}ksdata\, -- {TIMSAS} --},
author = {Seln{\ae}s, A.},
year = {1987},
month = {12},
number = {512021},
institution = {MARINTEK}
}

@techreport{firoozkoohi_marintek_tools_overview,
title = {Overview of the data analysis tools for lab and numerical applications at {MARINTEK}},
author = {Firoozkoohi, R and Fouques, S.},
year = {2015},
month = {02},
number = {512021},
institution = {MARINTEK}
}

@article{mori_2006_kurtosis_and_BFI,
  title={On kurtosis and occurrence probability of freak waves},
  author={Mori, N. and Janssen, P.A.E.M.},
  journal={Journal of Physical Oceanography},
  volume={36},
  number={7},
  pages={1471--1483},
  year={2006}
}

@mastersthesis{hannasvik,
title = {Experimental Investigation of Beach Efficiency for Regular Waves},
author = {Hannasvik, Thomas},
year = {2019},
school  = {NTNU, Marin teknikk}
}

@inproceedings{SFo_O2FromExp_OMAE2021,
author = {Fouques, S. and Lafl{\`e}che, S. and Akselsen, A.H. and Sauder, T.},
title={AN EXPERIMENTAL INVESTIGATION OF NONLINEAR WAVE GENERATION BY FLAP WAVEMAKERS},
year = {2021},
booktitle = {Proceedings of the ASME 2021 40th International
Conference on Ocean, Offshore and Arctic Engineering},
month = {June},
organization  = {OMAE}
}

@misc{SFo_memo_beachAssignemnt,
author={Fouques, S.},
title={Preliminary model tests for the assessment of beach performance},
note={Internal memo, project no./file code 302006355-3},
year={2021},
month={June}
}

@book{mei_2005,
author = {Mei, C.C. and Stiassnie, M. and Yue, D.K.-P.},
title = {Theory and Applications of Ocean Surface Waves},
publisher = {World Scientific},
year = {2005},
doi = {10.1142/5566}
}

@article{li_2021_step1, 
title={Surface wavepackets subject to an abrupt depth change. Part 1. Second-order theory}, 
volume={915}, 
DOI={10.1017/jfm.2021.48}, 
journal={Journal of Fluid Mechanics}, 
publisher={Cambridge University Press}, 
author={Li, Y. and Zheng, Y. and Lin, Z. and Adcock, T.A.A. and van den Bremer, T.S.}, 
year={2021}, 
pages={A71}
}
%author={Li, Yan and Zheng, Yaokun and Lin, Zhiliang and Adcock, Thomas A.A. and van den Bremer, Ton S.}, 

@book{molin2002hydrodynamique,
  title={Hydrodynamique des structures offshore},
  author={Molin, B.},
  isbn={9782710808152},
  lccn={2002542709},
  series={Collection des guides pratiques sur les ouvrages en mer},
  url={https://books.google.no/books?id=ynsq9BLf0kEC},
  year={2002},
  publisher={Editions Technip}
}


@article{clamond2018accurate,
  title={Accurate fast computation of steady two-dimensional surface gravity waves in arbitrary depth},
  author={Clamond, Didier and Dutykh, Denys},
  journal={Journal of Fluid Mechanics},
  volume={844},
  pages={491--518},
  year={2018},
  publisher={Cambridge University Press}
}
