@book{west1981deep,
  title={Deep water gravity waves},
  author={West, Bruce J},
  year={1981}
}